<record><leader>00000cas a22000007a 4500</leader><controlfield tag="001">20079229</controlfield><controlfield tag="008">890727d19041907couwr ne      0    0eng d</controlfield><datafield ind1=" " ind2=" " tag="010"><subfield code="a">sn 89052201 </subfield></datafield><datafield ind1=" " ind2=" " tag="040"><subfield code="a">CNQ</subfield><subfield code="b">eng</subfield><subfield code="c">CNQ</subfield><subfield code="d">OCLCQ</subfield></datafield><datafield ind1=" " ind2=" " tag="042"><subfield code="a">msc</subfield></datafield><datafield ind1="0" ind2="4" tag="245"><subfield code="a">The Boulder County times.</subfield></datafield><datafield ind1="3" ind2="0" tag="246"><subfield code="a">Weekly times</subfield></datafield><datafield ind1=" " ind2=" " tag="260"><subfield code="a">Boulder, Colo. :</subfield><subfield code="b">People's Pub. Co.</subfield></datafield><datafield ind1=" " ind2=" " tag="300"><subfield code="a">v.</subfield></datafield><datafield ind1=" " ind2=" " tag="310"><subfield code="a">Weekly</subfield></datafield><datafield ind1="0" ind2=" " tag="362"><subfield code="a">7th year, whole no. 366 (Feb. 18, 1904)- ;-</subfield></datafield><datafield ind1="1" ind2=" " tag="362"><subfield code="a">Ceased with vol. 10, no. 8 (Feb. 28, 1907) issue?</subfield></datafield><datafield ind1=" " ind2=" " tag="530"><subfield code="a">Available on microfilm from the Colorado Historical Society.</subfield></datafield><datafield ind1=" " ind2=" " tag="752"><subfield code="a">United States</subfield><subfield code="b">Colorado</subfield><subfield code="c">Boulder</subfield><subfield code="d">Boulder.</subfield></datafield><datafield ind1="0" ind2="0" tag="780"><subfield code="t">Weekly times (Boulder, Colo.)</subfield><subfield code="w">(DLC)sn 89052205</subfield></datafield><datafield ind1="0" ind2="4" tag="785"><subfield code="t">Boulder news</subfield></datafield></record>